% Book citation example
@book{bookExample,
	author = {Book Author},
    	title = {Book Title},
    	year = {2020}
}

% Article citation example
@article{articleExample,
author = {Aticle Author},
title ={Article Title},
journal = {Journal},
volume = {17},
number = {4},
pages = {303-314},
year = {2020},
doi = {10.1177/1356766711423322},
URL = { 
        https://doi.org/10.1177/1356766711423322
    
}
,
    abstract = { Abstract text goes here. }
}
